<record><leader>00000cas a2200000 a 4500</leader><controlfield tag="001">11422479</controlfield><controlfield tag="008">841127d18741900iluwr ne      0    0eng c</controlfield><datafield ind1=" " ind2=" " tag="010"><subfield code="a">sn 84038652 </subfield></datafield><datafield ind1=" " ind2=" " tag="040"><subfield code="a">NPX</subfield><subfield code="b">eng</subfield><subfield code="c">NPX</subfield><subfield code="d">NVF</subfield><subfield code="d">NVK</subfield><subfield code="d">OCLCQ</subfield><subfield code="d">NVF</subfield><subfield code="d">OCLCQ</subfield><subfield code="d">OCLCF</subfield><subfield code="d">OCLCO</subfield></datafield><datafield ind1="1" ind2=" " tag="029"><subfield code="a">AU@</subfield><subfield code="b">000020344874</subfield></datafield><datafield ind1=" " ind2=" " tag="042"><subfield code="a">pcc</subfield></datafield><datafield ind1=" " ind2=" " tag="043"><subfield code="a">n-us-il</subfield></datafield><datafield ind1="0" ind2="0" tag="245"><subfield code="a">Taylorville Democrat.</subfield></datafield><datafield ind1=" " ind2=" " tag="260"><subfield code="a">Taylorville, Ill. :</subfield><subfield code="b">W.T. Martin,</subfield><subfield code="c">1874-1900.</subfield></datafield><datafield ind1=" " ind2=" " tag="300"><subfield code="a">v.</subfield></datafield><datafield ind1=" " ind2=" " tag="310"><subfield code="a">Weekly</subfield></datafield><datafield ind1="1" ind2=" " tag="362"><subfield code="a">Began in 1874 ; ceased in Apr. 1900.</subfield></datafield><datafield ind1=" " ind2=" " tag="500"><subfield code="a">Publisher varies: Martin &amp; Weber, &lt;1876&gt; ; V.E. Foy, &lt;1882&gt; ; J.F. Harner &amp; Son, &lt;1883&gt; ; V.E. Foy, &lt;1887&gt; ; C.N. Walls, &lt;1889&gt;-</subfield></datafield><datafield ind1=" " ind2=" " tag="530"><subfield code="a">Available on microfilm from the Illinois State Historical Library.</subfield></datafield><datafield ind1=" " ind2=" " tag="580"><subfield code="a">Merged with: Christian County courier, to form: Christian County courier and Democrat.</subfield></datafield><datafield ind1=" " ind2=" " tag="588"><subfield code="a">Description based on: Vol. 6, no. 49 (Aug. 20, 1874).</subfield></datafield><datafield ind1=" " ind2="0" tag="651"><subfield code="a">Taylorville (Ill.)</subfield><subfield code="v">Newspapers.</subfield></datafield><datafield ind1=" " ind2="0" tag="651"><subfield code="a">Christian County (Ill.)</subfield><subfield code="v">Newspapers.</subfield></datafield><datafield ind1=" " ind2="7" tag="655"><subfield code="a">Newspapers.</subfield><subfield code="2">fast</subfield><subfield code="0">(OCoLC)fst01423814</subfield></datafield><datafield ind1=" " ind2="7" tag="651"><subfield code="a">Illinois</subfield><subfield code="z">Christian County.</subfield><subfield code="2">fast</subfield><subfield code="0">(OCoLC)fst01213226</subfield></datafield><datafield ind1=" " ind2="7" tag="651"><subfield code="a">Illinois</subfield><subfield code="z">Taylorville.</subfield><subfield code="2">fast</subfield><subfield code="0">(OCoLC)fst01238216</subfield></datafield><datafield ind1=" " ind2=" " tag="752"><subfield code="a">United States</subfield><subfield code="b">Illinois</subfield><subfield code="c">Christian</subfield><subfield code="d">Taylorville.</subfield></datafield><datafield ind1="0" ind2="0" tag="780"><subfield code="t">Christian County Democrat</subfield><subfield code="w">(DLC)sn 85034192</subfield><subfield code="w">(OCoLC)12548081</subfield></datafield><datafield ind1="1" ind2="7" tag="785"><subfield code="t">Christian County courier</subfield></datafield><datafield ind1="1" ind2="7" tag="785"><subfield code="t">Christian County courier and Democrat</subfield><subfield code="w">(DLC)sn 91054671</subfield><subfield code="w">(OCoLC)24158021</subfield></datafield></record>